<record><leader>00000cas a22000001a 4500</leader><controlfield tag="001">2262912</controlfield><controlfield tag="007">cr un|||||||||</controlfield><controlfield tag="008">760620c19629999pauwr ne      0   a0eng  </controlfield><datafield ind1=" " ind2=" " tag="010"><subfield code="a">sn 86083285 </subfield><subfield code="z">sf 81006994 </subfield></datafield><datafield ind1=" " ind2=" " tag="040"><subfield code="a">DLC</subfield><subfield code="b">eng</subfield><subfield code="c">PIT</subfield><subfield code="d">DLC</subfield><subfield code="d">NPH</subfield><subfield code="d">MGN</subfield><subfield code="d">CUS</subfield><subfield code="d">OCLCQ</subfield><subfield code="d">CUS</subfield><subfield code="d">DLC</subfield><subfield code="d">J9U</subfield><subfield code="d">OCLCF</subfield><subfield code="d">DLC</subfield><subfield code="d">OCLCO</subfield></datafield><datafield ind1="7" ind2=" " tag="016"><subfield code="a">000276513</subfield><subfield code="2">IsJJNL</subfield></datafield><datafield ind1=" " ind2=" " tag="019"><subfield code="a">241578815</subfield></datafield><datafield ind1="1" ind2=" " tag="029"><subfield code="a">AU@</subfield><subfield code="b">000020450759</subfield></datafield><datafield ind1="1" ind2=" " tag="029"><subfield code="a">NZ1</subfield><subfield code="b">16071070</subfield></datafield><datafield ind1=" " ind2=" " tag="042"><subfield code="a">msc</subfield></datafield><datafield ind1="0" ind2="0" tag="050"><subfield code="a">UNCLASSED</subfield></datafield><datafield ind1="0" ind2=" " tag="130"><subfield code="a">Jewish chronicle (Pittsburgh, Pa.)</subfield></datafield><datafield ind1="0" ind2="4" tag="245"><subfield code="a">The Jewish chronicle.</subfield></datafield><datafield ind1="1" ind2="7" tag="246"><subfield code="a">Jewish chronicle of Pittsburgh</subfield><subfield code="f">&lt;Jan. 3, 1990-&gt;</subfield></datafield><datafield ind1=" " ind2=" " tag="260"><subfield code="a">Pittsburgh, Pa. :</subfield><subfield code="b">Pittsburgh Jewish Publication and Education Foundation,</subfield><subfield code="c">1962-</subfield></datafield><datafield ind1=" " ind2=" " tag="300"><subfield code="a">v. :</subfield><subfield code="b">ill. ;</subfield><subfield code="c">44 cm.</subfield></datafield><datafield ind1=" " ind2=" " tag="310"><subfield code="a">Weekly</subfield></datafield><datafield ind1="0" ind2=" " tag="362"><subfield code="a">Vol. 1, no. 1 (Mar. 8, 1962)-</subfield></datafield><datafield ind1=" " ind2=" " tag="515"><subfield code="a">Vol. 57, no. 17 never published, gap in sequence reported by publisher.</subfield></datafield><datafield ind1=" " ind2=" " tag="530"><subfield code="a">Also issued online.</subfield></datafield><datafield ind1=" " ind2="0" tag="650"><subfield code="a">Jewish newspapers</subfield><subfield code="z">Pennsylvania.</subfield></datafield><datafield ind1=" " ind2="7" tag="650"><subfield code="a">Jewish newspapers.</subfield><subfield code="2">fast</subfield><subfield code="0">(OCoLC)fst00982872</subfield></datafield><datafield ind1=" " ind2="7" tag="651"><subfield code="a">Pennsylvania.</subfield><subfield code="2">fast</subfield><subfield code="0">(OCoLC)fst01204598</subfield></datafield><datafield ind1=" " ind2=" " tag="752"><subfield code="a">United States</subfield><subfield code="b">Pennsylvania</subfield><subfield code="c">Allegheny</subfield><subfield code="d">Pittsburgh.</subfield></datafield><datafield ind1="0" ind2="4" tag="780"><subfield code="t">Jewish criterion</subfield><subfield code="w">(DLC)sn 87080406</subfield></datafield><datafield ind1="0" ind2="4" tag="780"><subfield code="t">American Jewish outlook</subfield><subfield code="w">(DLC)sn 86083238</subfield></datafield><datafield ind1="4" ind2="1" tag="856"><subfield code="u">http://www.softlineweb.com/softlineweb/ethnic.htm</subfield></datafield><datafield ind1="4" ind2="1" tag="856"><subfield code="u">http://bibpurl.oclc.org/web/19295</subfield><subfield code="u">http://pjn.library.cmu.edu/browse.cgi?BD=196</subfield></datafield><datafield ind1=" " ind2=" " tag="936"><subfield code="a">Oct. 25, 1963</subfield></datafield></record>